@article{adve1996shared,
  title={Shared memory consistency models: A tutorial},
  author={Adve, Sarita V and Gharachorloo, Kourosh},
  journal={computer},
  volume={29},
  number={12},
  pages={66--76},
  year={1996},
  publisher={IEEE}
}